<record><leader>00000cas a22000007a 4500</leader><controlfield tag="001">34609059</controlfield><controlfield tag="008">960422d188u189uvauwr ne      0    0eng d</controlfield><datafield ind1=" " ind2=" " tag="010"><subfield code="a">sn 96096589 </subfield></datafield><datafield ind1=" " ind2=" " tag="040"><subfield code="a">NVK</subfield><subfield code="b">eng</subfield><subfield code="c">NVK</subfield><subfield code="d">OCL</subfield><subfield code="d">OCLCQ</subfield><subfield code="d">OCLCF</subfield><subfield code="d">OCLCO</subfield></datafield><datafield ind1="1" ind2=" " tag="029"><subfield code="a">AU@</subfield><subfield code="b">000012367500</subfield></datafield><datafield ind1=" " ind2=" " tag="042"><subfield code="a">msc</subfield></datafield><datafield ind1=" " ind2=" " tag="043"><subfield code="a">n-us-va</subfield></datafield><datafield ind1="0" ind2="4" tag="245"><subfield code="a">The Plain dealer and southern immigrationist.</subfield></datafield><datafield ind1=" " ind2=" " tag="260"><subfield code="a">West Point, Va. :</subfield><subfield code="b">[s.n.]</subfield></datafield><datafield ind1=" " ind2=" " tag="300"><subfield code="a">v.</subfield></datafield><datafield ind1=" " ind2=" " tag="310"><subfield code="a">Weekly</subfield></datafield><datafield ind1=" " ind2=" " tag="500"><subfield code="a">Editor: C.L. Morrison, &lt;1893&gt;.</subfield></datafield><datafield ind1=" " ind2=" " tag="588"><subfield code="a">Description based on: Vol. 4, no. 22 (Jan. 26, 1893).</subfield></datafield><datafield ind1=" " ind2="0" tag="651"><subfield code="a">West Point (Va.)</subfield><subfield code="v">Newspapers.</subfield></datafield><datafield ind1=" " ind2="7" tag="655"><subfield code="a">Newspapers.</subfield><subfield code="2">fast</subfield><subfield code="0">(OCoLC)fst01423814</subfield></datafield><datafield ind1=" " ind2="7" tag="651"><subfield code="a">Virginia</subfield><subfield code="z">West Point.</subfield><subfield code="2">fast</subfield><subfield code="0">(OCoLC)fst01227180</subfield></datafield><datafield ind1=" " ind2=" " tag="752"><subfield code="a">United States</subfield><subfield code="b">Virginia</subfield><subfield code="c">King William</subfield><subfield code="d">West Point.</subfield></datafield><datafield ind1="0" ind2="0" tag="785"><subfield code="t">Plaindealer (West Point, Va.)</subfield><subfield code="w">(DLC)sn 96096588</subfield></datafield><datafield ind1=" " ind2=" " tag="936"><subfield code="a">Jan. 26, 1893 LIC.</subfield></datafield></record>